<?xml version="1.0" encoding="UTF-8"?><collection xmlns="http://www.loc.gov/MARC21/slim"><record><leader>00469nam--2200157-i-4500</leader><controlfield tag="001">000027054</controlfield><controlfield tag="002">20161230</controlfield><controlfield tag="005">20161230201036</controlfield><controlfield tag="008">060222s1000------------r-----000-0-eng-d</controlfield><datafield ind1=" " ind2=" " tag="080"><subfield code="a">513.0</subfield></datafield><datafield ind1=" " ind2=" " tag="100"><subfield code="a">Kobayashi, Shoshichi</subfield></datafield><datafield ind1=" " ind2=" " tag="245"><subfield code="a">Transformation groups in differential geometry</subfield></datafield><datafield ind1=" " ind2=" " tag="260"><subfield code="a">Berlin, Springer-verlag, 1972, Viii + 182p</subfield></datafield><datafield ind1=" " ind2=" " tag="490"><subfield code="a">Ergebnisse Der Mathematik Und Ihrer Grenzgebiete</subfield><subfield code="v">Band 70</subfield></datafield><datafield ind1=" " ind2=" " tag="852"><subfield code="a">42186</subfield><subfield code="c">513</subfield></datafield><datafield ind1=" " ind2=" " tag="CAT"><subfield code="a">Sys</subfield><subfield code="c">20080528</subfield><subfield code="h">085318</subfield></datafield></record></collection>